@ARTICLE{2015:zhu,
   author = {{Zhu}, H.-M. and {Pen}, U.-L. and {Yu}, Y. and {Er}, X. and 
	{Chen}, X.},
    title = "{Cosmic Tidal Reconstruction}",
  journal = {ArXiv e-prints},
archivePrefix = "arXiv",
   eprint = {1511.04680},
 keywords = {Astrophysics - Cosmology and Nongalactic Astrophysics},
     year = 2015,
    month = nov,
   adsurl = {http://adsabs.harvard.edu/abs/2015arXiv151104680Z},
  adsnote = {Provided by the SAO/NASA Astrophysics Data System}
}
@ARTICLE{2012:log,
   author = {{Falck}, B.~L. and {Neyrinck}, M.~C. and {Aragon-Calvo}, M.~A. and 
            {Lavaux}, G. and {Szalay}, A.~S.},
    title = "{Straightening the Density-Displacement Relation with a Logarithmic Transform}",
  journal = {\apj},
archivePrefix = "arXiv",
   eprint = {1111.4466},
 keywords = {cosmology: theory, large-scale structure of universe, methods: statistical},
     year = 2012,
    month = jan,
   volume = 745,
      eid = {17},
    pages = {17},
      doi = {10.1088/0004-637X/745/1/17},
   adsurl = {http://adsabs.harvard.edu/abs/2012ApJ...745...17F},
  adsnote = {Provided by the SAO/NASA Astrophysics Data System}
}

@ARTICLE{2014:tidal,
   author = {{Schmidt}, F. and {Pajer}, E. and {Zaldarriaga}, M.},
    title = "{Large-scale structure and gravitational waves. III. Tidal effects}",
  journal = {\prd},
archivePrefix = "arXiv",
   eprint = {1312.5616},
 keywords = {Superclusters, large-scale structure of the Universe, Galaxy groups clusters and superclusters, large scale structure of the Universe, Mathematical and relativistic aspects of cosmology},
     year = 2014,
    month = apr,
   volume = 89,
   number = 8,
      eid = {083507},
    pages = {083507},
      doi = {10.1103/PhysRevD.89.083507},
   adsurl = {http://adsabs.harvard.edu/abs/2014PhRvD..89h3507S},
  adsnote = {Provided by the SAO/NASA Astrophysics Data System}
}
@ARTICLE{2012:pen,
   author = {{Pen}, U.-L. and {Sheth}, R. and {Harnois-Deraps}, J. and {Chen}, X. and 
	{Li}, Z.},
    title = "{Cosmic Tides}",
  journal = {ArXiv e-prints},
archivePrefix = "arXiv",
   eprint = {1202.5804},
 primaryClass = "astro-ph.CO",
 keywords = {Astrophysics - Cosmology and Extragalactic Astrophysics},
     year = 2012,
    month = feb,
   adsurl = {http://adsabs.harvard.edu/abs/2012arXiv1202.5804P},
  adsnote = {Provided by the SAO/NASA Astrophysics Data System}
}
@ARTICLE{2008lu,
   author = {{Lu}, T. and {Pen}, U.-L.},
    title = "{Precision of diffuse 21-cm lensing}",
  journal = {\mnras},
archivePrefix = "arXiv",
   eprint = {0710.1108},
 keywords = {gravitational lensing , methods: N-body simulations , cosmology: observations , cosmology: theory , dark matter , large-scale structure of Universe},
     year = 2008,
    month = aug,
   volume = 388,
    pages = {1819-1830},
      doi = {10.1111/j.1365-2966.2008.13524.x},
   adsurl = {http://adsabs.harvard.edu/abs/2008MNRAS.388.1819L},
  adsnote = {Provided by the SAO/NASA Astrophysics Data System}
}
@ARTICLE{2012:jeong,
   author = {{Jeong}, D. and {Kamionkowski}, M.},
    title = "{Clustering Fossils from the Early Universe}",
  journal = {Physical Review Letters},
archivePrefix = "arXiv",
   eprint = {1203.0302},
 primaryClass = "astro-ph.CO",
 keywords = {Observational cosmology, Astronomical catalogs atlases sky surveys databases retrieval systems archives etc., Galaxy clusters},
     year = 2012,
    month = jun,
   volume = 108,
   number = 25,
      eid = {251301},
    pages = {251301},
      doi = {10.1103/PhysRevLett.108.251301},
   adsurl = {http://adsabs.harvard.edu/abs/2012PhRvL.108y1301J},
  adsnote = {Provided by the SAO/NASA Astrophysics Data System}
}

@ARTICLE{2014li,
   author = {{Li}, Y. and {Hu}, W. and {Takada}, M.},
    title = "{Super-sample signal}",
  journal = {\prd},
archivePrefix = "arXiv",
   eprint = {1408.1081},
 keywords = {Cosmology, Dark energy, Observation and data reduction techniques, computer modeling and simulation, Superclusters, large-scale structure of the Universe},
     year = 2014,
    month = nov,
   volume = 90,
   number = 10,
      eid = {103530},
    pages = {103530},
      doi = {10.1103/PhysRevD.90.103530},
   adsurl = {http://adsabs.harvard.edu/abs/2014PhRvD..90j3530L},
  adsnote = {Provided by the SAO/NASA Astrophysics Data System}
}
@ARTICLE{1993kaiser,
   author = {{Kaiser}, N. and {Squires}, G.},
    title = "{Mapping the dark matter with weak gravitational lensing}",
  journal = {\apj},
 keywords = {Cosmology, Dark Matter, Galactic Clusters, Gravitational Lenses, Ellipticity, Galactic Mass, Mass Distribution},
     year = 1993,
    month = feb,
   volume = 404,
    pages = {441-450},
      doi = {10.1086/172297},
   adsurl = {http://adsabs.harvard.edu/abs/1993ApJ...404..441K},
  adsnote = {Provided by the SAO/NASA Astrophysics Data System}
}

@ARTICLE{1973gw,
   author = {{Eardley}, D.~M. and {Lee}, D.~L. and {Lightman}, A.~P. and 
	{Wagoner}, R.~V. and {Will}, C.~M.},
    title = "{Gravitational-Wave Observations as a Tool for Testing Relativistic Gravity}",
  journal = {Physical Review Letters},
     year = 1973,
    month = apr,
   volume = 30,
    pages = {884-886},
      doi = {10.1103/PhysRevLett.30.884},
   adsurl = {http://adsabs.harvard.edu/abs/1973PhRvL..30..884E},
  adsnote = {Provided by the SAO/NASA Astrophysics Data System}
}
@ARTICLE{2012bucher,
   author = {{Bucher}, M. and {Carvalho}, C.~S. and {Moodley}, K. and {Remazeilles}, M.
	},
    title = "{CMB lensing reconstruction in real space}",
  journal = {\prd},
archivePrefix = "arXiv",
   eprint = {1004.3285},
 primaryClass = "astro-ph.CO",
 keywords = {Background radiations},
     year = 2012,
    month = feb,
   volume = 85,
   number = 4,
      eid = {043016},
    pages = {043016},
      doi = {10.1103/PhysRevD.85.043016},
   adsurl = {http://adsabs.harvard.edu/abs/2012PhRvD..85d3016B},
  adsnote = {Provided by the SAO/NASA Astrophysics Data System}
}
@ARTICLE{2010lu,
   author = {{Lu}, T. and {Pen}, U.-L. and {Dor{\'e}}, O.},
    title = "{Dark energy from large-scale structure lensing information}",
  journal = {\prd},
archivePrefix = "arXiv",
   eprint = {0905.0499},
 keywords = {Superclusters, large-scale structure of the Universe, Dark energy, Gravitational lenses and luminous arcs},
     year = 2010,
    month = jun,
   volume = 81,
   number = 12,
      eid = {123015},
    pages = {123015},
      doi = {10.1103/PhysRevD.81.123015},
   adsurl = {http://adsabs.harvard.edu/abs/2010PhRvD..81l3015L},
  adsnote = {Provided by the SAO/NASA Astrophysics Data System}
}
@ARTICLE{2010masui,
   author = {{Masui}, K.~W. and {Pen}, U.-L.},
    title = "{Primordial Gravity Wave Fossils and Their Use in Testing Inflation}",
  journal = {Physical Review Letters},
archivePrefix = "arXiv",
   eprint = {1006.4181},
 primaryClass = "astro-ph.CO",
 keywords = {Cosmology, Gravitational waves: theory},
     year = 2010,
    month = oct,
   volume = 105,
   number = 16,
      eid = {161302},
    pages = {161302},
      doi = {10.1103/PhysRevLett.105.161302},
   adsurl = {http://adsabs.harvard.edu/abs/2010PhRvL.105p1302M},
  adsnote = {Provided by the SAO/NASA Astrophysics Data System}
}
@ARTICLE{1999matias,
   author = {{Zaldarriaga}, M. and {Seljak}, U.},
    title = "{Reconstructing projected matter density power spectrum from cosmic microwave background}",
  journal = {\prd},
   eprint = {astro-ph/9810257},
 keywords = {Observational cosmology, Mass and mass distribution, Background radiations},
     year = 1999,
    month = jun,
   volume = 59,
   number = 12,
      eid = {123507},
    pages = {123507},
      doi = {10.1103/PhysRevD.59.123507},
   adsurl = {http://adsabs.harvard.edu/abs/1999PhRvD..59l3507Z},
  adsnote = {Provided by the SAO/NASA Astrophysics Data System}
}
@ARTICLE{2005rimes,
author = {{Rimes}, C.~D. and {Hamilton}, A.~J.~S.},
title = "{Information content of the non-linear matter power spectrum}",
journal = {\mnras},
eprint = {astro-ph/0502081},
keywords = {cosmology: theory, large-scale structure of Universe},
year = 2005,
month = jun,
volume = 360,
pages = {L82-L86},
doi = {10.1111/j.1745-3933.2005.00051.x},
adsurl = {http://adsabs.harvard.edu/abs/2005MNRAS.360L..82R},
adsnote = {Provided by the SAO/NASA Astrophysics Data System}
}
@ARTICLE{1999meiksin,
author = {{Meiksin}, A. and {White}, M.},
title = "{The growth of correlations in the matter power spectrum}",
journal = {\mnras},
eprint = {astro-ph/9812129},
year = 1999,
month = oct,
volume = 308,
pages = {1179-1184},
doi = {10.1046/j.1365-8711.1999.02825.x},
adsurl = {http://adsabs.harvard.edu/abs/1999MNRAS.308.1179M},
adsnote = {Provided by the SAO/NASA Astrophysics Data System}
}

@ARTICLE{1999scoccimarro,
author = {{Scoccimarro}, R. and {Zaldarriaga}, M. and {Hui}, L.},
title = "{Power Spectrum Correlations Induced by Nonlinear Clustering}",
journal = {\apj},
eprint = {astro-ph/9901099},
keywords = {GALAXIES: CLUSTERS: GENERAL, COSMOLOGY: LARGE-SCALE STRUCTURE OF UNIVERSE, METHODS: NUMERICAL, METHODS: STATISTICAL, Galaxies: Clusters: General, Cosmology: Large-Scale Structure of Universe, Methods: Numerical, Methods: Statistical},
year = 1999,
month = dec,
volume = 527,
pages = {1-15},
doi = {10.1086/308059},
adsurl = {http://adsabs.harvard.edu/abs/1999ApJ...527....1S},
adsnote = {Provided by the SAO/NASA Astrophysics Data System}
}

@ARTICLE{2001cooray,
author = {{Cooray}, A. and {Hu}, W.},
title = "{Power Spectrum Covariance of Weak Gravitational Lensing}",
journal = {\apj},
eprint = {astro-ph/0012087},
keywords = {Cosmology: Theory, Cosmology: Gravitational Lensing, Cosmology: Large-Scale Structure of Universe},
year = 2001,
month = jun,
volume = 554,
pages = {56-66},
doi = {10.1086/321376},
adsurl = {http://adsabs.harvard.edu/abs/2001ApJ...554...56C},
adsnote = {Provided by the SAO/NASA Astrophysics Data System}
}
@ARTICLE{2009mcdonald,
author = {{McDonald}, P. and {Seljak}, U.},
title = "{How to evade the sample variance limit on measurements of redshift-space distortions}",
journal = {\jcap},
archivePrefix = "arXiv",
eprint = {0810.0323},
year = 2009,
month = oct,
volume = 10,
eid = {007},
pages = {7},
doi = {10.1088/1475-7516/2009/10/007},
adsurl = {http://adsabs.harvard.edu/abs/2009JCAP...10..007M},
adsnote = {Provided by the SAO/NASA Astrophysics Data System}
}
@ARTICLE{2013:code,
author = {{Harnois-D{\'e}raps}, J. and {Pen}, U.-L. and {Iliev}, I.~T. and
{Merz}, H. and {Emberson}, J.~D. and {Desjacques}, V.},
title = "{High-performance P$^{3}$M N-body code: CUBEP$^{3}$M}",
journal = {\mnras},
archivePrefix = "arXiv",
eprint = {1208.5098},
keywords = {Dark matter, large-scale structure of Universe},
year = 2013,
month = nov,
volume = 436,
pages = {540-559},
doi = {10.1093/mnras/stt1591},
adsurl = {http://adsabs.harvard.edu/abs/2013MNRAS.436..540H},
adsnote = {Provided by the SAO/NASA Astrophysics Data System}
}

@ARTICLE{1992:weinberg_Gau,
   author = {{Weinberg}, D.~H.},
    title = "{Reconstructing primordial density fluctuations. I - Method}",
  journal = {\mnras},
 keywords = {Galactic Evolution, Gravitational Effects, Normal Density Functions, Universe, Computational Astrophysics, Dark Matter, Density Distribution, Many Body Problem, Power Spectra, Spatial Distribution},
     year = 1992,
    month = jan,
   volume = 254,
    pages = {315-342},
      doi = {10.1093/mnras/254.2.315},
   adsurl = {http://adsabs.harvard.edu/abs/1992MNRAS.254..315W},
  adsnote = {Provided by the SAO/NASA Astrophysics Data System}
}

@ARTICLE{2016:halo_bias,
   author = {{Li}, Y. and {Hu}, W. and {Takada}, M.},
    title = "{Separate universe consistency relation and calibration of halo bias}",
  journal = {\prd},
archivePrefix = "arXiv",
   eprint = {1511.01454},
     year = 2016,
    month = mar,
   volume = 93,
   number = 6,
      eid = {063507},
    pages = {063507},
      doi = {10.1103/PhysRevD.93.063507},
   adsurl = {http://adsabs.harvard.edu/abs/2016PhRvD..93f3507L},
  adsnote = {Provided by the SAO/NASA Astrophysics Data System}
}

@ARTICLE{rsd:saito,
   author = {{Seo}, H.-J. and {Beutler}, F. and {Ross}, A.~J. and {Saito}, S.
	},
    title = "{Modeling the reconstructed BAO in Fourier space}",
  journal = {ArXiv e-prints},
archivePrefix = "arXiv",
   eprint = {1511.00663},
 keywords = {Astrophysics - Cosmology and Nongalactic Astrophysics},
     year = 2015,
    month = nov,
   adsurl = {http://adsabs.harvard.edu/abs/2015arXiv151100663S},
  adsnote = {Provided by the SAO/NASA Astrophysics Data System}
}

@ARTICLE{rsd:Anderson,
   author = {{Anderson}, L. and {Aubourg}, {\'E}. and {Bailey}, S. and {Beutler}, F. and 
	{Bhardwaj}, V. and {Blanton}, M. and {Bolton}, A.~S. and {Brinkmann}, J. and 
	{Brownstein}, J.~R. and {Burden}, A. and {Chuang}, C.-H. and 
	{Cuesta}, A.~J. and {Dawson}, K.~S. and {Eisenstein}, D.~J. and 
	{Escoffier}, S. and {Gunn}, J.~E. and {Guo}, H. and {Ho}, S. and 
	{Honscheid}, K. and {Howlett}, C. and {Kirkby}, D. and {Lupton}, R.~H. and 
	{Manera}, M. and {Maraston}, C. and {McBride}, C.~K. and {Mena}, O. and 
	{Montesano}, F. and {Nichol}, R.~C. and {Nuza}, S.~E. and {Olmstead}, M.~D. and 
	{Padmanabhan}, N. and {Palanque-Delabrouille}, N. and {Parejko}, J. and 
	{Percival}, W.~J. and {Petitjean}, P. and {Prada}, F. and {Price-Whelan}, A.~M. and 
	{Reid}, B. and {Roe}, N.~A. and {Ross}, A.~J. and {Ross}, N.~P. and 
	{Sabiu}, C.~G. and {Saito}, S. and {Samushia}, L. and {S{\'a}nchez}, A.~G. and 
	{Schlegel}, D.~J. and {Schneider}, D.~P. and {Scoccola}, C.~G. and 
	{Seo}, H.-J. and {Skibba}, R.~A. and {Strauss}, M.~A. and {Swanson}, M.~E.~C. and 
	{Thomas}, D. and {Tinker}, J.~L. and {Tojeiro}, R. and {Maga{\~n}a}, M.~V. and 
	{Verde}, L. and {Wake}, D.~A. and {Weaver}, B.~A. and {Weinberg}, D.~H. and 
	{White}, M. and {Xu}, X. and {Y{\`e}che}, C. and {Zehavi}, I. and 
	{Zhao}, G.-B.},
    title = "{The clustering of galaxies in the SDSS-III Baryon Oscillation Spectroscopic Survey: baryon acoustic oscillations in the Data Releases 10 and 11 Galaxy samples}",
  journal = {\mnras},
archivePrefix = "arXiv",
   eprint = {1312.4877},
 keywords = {cosmological parameters, cosmology: observations, dark energy, distance scale, large-scale structure of Universe},
     year = 2014,
    month = jun,
   volume = 441,
    pages = {24-62},
      doi = {10.1093/mnras/stu523},
   adsurl = {http://adsabs.harvard.edu/abs/2014MNRAS.441...24A},
  adsnote = {Provided by the SAO/NASA Astrophysics Data System}
}
@ARTICLE{Halo_model1:2001ApJ,
   author = {{Scoccimarro}, R. and {Sheth}, R.~K. and {Hui}, L. and {Jain}, B.
	},
    title = "{How Many Galaxies Fit in a Halo? Constraints on Galaxy Formation Efficiency from Spatial Clustering}",
  journal = {\apj},
   eprint = {astro-ph/0006319},
 keywords = {Cosmology: Theory, Galaxies: Clusters: General, Cosmology: Large-Scale Structure of Universe},
     year = 2001,
    month = jan,
   volume = 546,
    pages = {20-34},
      doi = {10.1086/318261},
   adsurl = {http://adsabs.harvard.edu/abs/2001ApJ...546...20S},
  adsnote = {Provided by the SAO/NASA Astrophysics Data System}
}

@ARTICLE{Halo_model2:2000MNRAS,
   author = {{Peacock}, J.~A. and {Smith}, R.~E.},
    title = "{Halo occupation numbers and galaxy bias}",
  journal = {\mnras},
   eprint = {astro-ph/0005010},
 keywords = {GALAXIES: CLUSTERS: GENERAL, COSMOLOGY: THEORY, LARGE-SCALE STRUCTURE OF UNIVERSE},
     year = 2000,
    month = nov,
   volume = 318,
    pages = {1144-1156},
      doi = {10.1046/j.1365-8711.2000.03779.x},
   adsurl = {http://adsabs.harvard.edu/abs/2000MNRAS.318.1144P},
  adsnote = {Provided by the SAO/NASA Astrophysics Data System}
}
@ARTICLE{Halo_model3:2000MNRAS,
   author = {{Seljak}, U.},
    title = "{Analytic model for galaxy and dark matter clustering}",
  journal = {\mnras},
   eprint = {astro-ph/0001493},
 keywords = {GALAXIES: CLUSTERS: GENERAL, COSMOLOGY: THEORY, DARK MATTER},
     year = 2000,
    month = oct,
   volume = 318,
    pages = {203-213},
      doi = {10.1046/j.1365-8711.2000.03715.x},
   adsurl = {http://adsabs.harvard.edu/abs/2000MNRAS.318..203S},
  adsnote = {Provided by the SAO/NASA Astrophysics Data System}
}

%============optimal weight=============
@ARTICLE{OW5,
   author = {{Smith}, R.~E. and {Marian}, L.},
    title = "{Towards optimal estimation of the galaxy power spectrum}",
  journal = {\mnras},
archivePrefix = "arXiv",
   eprint = {1503.06830},
 keywords = {large-scale structure of Universe},
     year = 2015,
    month = dec,
   volume = 454,
    pages = {1266-1289},
      doi = {10.1093/mnras/stv2042},
   adsurl = {http://adsabs.harvard.edu/abs/2015MNRAS.454.1266S},
  adsnote = {Provided by the SAO/NASA Astrophysics Data System}
}

@ARTICLE{OW4,
   author = {{Hamaus}, N. and {Seljak}, U. and {Desjacques}, V.},
    title = "{Optimal weighting in galaxy surveys: Application to redshift-space distortions}",
  journal = {\prd},
archivePrefix = "arXiv",
   eprint = {1207.1102},
 primaryClass = "astro-ph.CO",
 keywords = {Cosmology, Characteristics and properties of external galaxies and extragalactic objects, Galaxy groups clusters and superclusters, large scale structure of the Universe},
     year = 2012,
    month = nov,
   volume = 86,
   number = 10,
      eid = {103513},
    pages = {103513},
      doi = {10.1103/PhysRevD.86.103513},
   adsurl = {http://adsabs.harvard.edu/abs/2012PhRvD..86j3513H},
  adsnote = {Provided by the SAO/NASA Astrophysics Data System}
}

@ARTICLE{OW3,
   author = {{Hamaus}, N. and {Seljak}, U. and {Desjacques}, V. and {Smith}, R.~E. and 
	{Baldauf}, T.},
    title = "{Minimizing the stochasticity of halos in large-scale structure surveys}",
  journal = {\prd},
archivePrefix = "arXiv",
   eprint = {1004.5377},
 keywords = {Cosmology, Characteristics and properties of external galaxies and extragalactic objects, Galaxy groups clusters and superclusters, large scale structure of the Universe},
     year = 2010,
    month = aug,
   volume = 82,
   number = 4,
      eid = {043515},
    pages = {043515},
      doi = {10.1103/PhysRevD.82.043515},
   adsurl = {http://adsabs.harvard.edu/abs/2010PhRvD..82d3515H},
  adsnote = {Provided by the SAO/NASA Astrophysics Data System}
}

@ARTICLE{OW2,
   author = {{Seljak}, U. and {Hamaus}, N. and {Desjacques}, V.},
    title = "{How to Suppress the Shot Noise in Galaxy Surveys}",
  journal = {Physical Review Letters},
archivePrefix = "arXiv",
   eprint = {0904.2963},
 primaryClass = "astro-ph.CO",
 keywords = {Observational cosmology, Origin formation evolution age and star formation, Superclusters, large-scale structure of the Universe},
     year = 2009,
    month = aug,
   volume = 103,
   number = 9,
      eid = {091303},
    pages = {091303},
      doi = {10.1103/PhysRevLett.103.091303},
   adsurl = {http://adsabs.harvard.edu/abs/2009PhRvL.103i1303S},
  adsnote = {Provided by the SAO/NASA Astrophysics Data System}
}

@ARTICLE{OW1,
   author = {{Percival}, W.~J. and {Verde}, L. and {Peacock}, J.~A.},
    title = "{Fourier analysis of luminosity-dependent galaxy clustering}",
  journal = {\mnras},
   eprint = {astro-ph/0306511},
 keywords = {surveys, cosmological parameters, cosmology: observations, large-scale structure of Universe},
     year = 2004,
    month = jan,
   volume = 347,
    pages = {645-653},
      doi = {10.1111/j.1365-2966.2004.07245.x},
   adsurl = {http://adsabs.harvard.edu/abs/2004MNRAS.347..645P},
  adsnote = {Provided by the SAO/NASA Astrophysics Data System}
}

